@BOOK{Sedgewick2014,
	AUTHOR = {Sedgewick, Robert AND Wayne, Kevin},
	YEAR = {2014},
	TITLE = {Algorithmen - Algorithmen und Datenstrukturen},
	ADDRESS = {Hallbergmoos},
}

@BOOK{Will2015,
	AUTHOR = {Will, Torsten T.},
	YEAR = {2015},
	TITLE = {Einf√ºhrung in C++},
	ADDRESS = {Bonn},
}
